
@misc{hendershot2017consistently,
  title={Consistently inconsistent drivers of microbial diversity and abundance at macroecological scales},
  author={Hendershot, John Nicholas and Read, Quentin D and Henning, Jeremiah A and Sanders, Nathan J and Classen, Aim{\'e}e T},
  year={2017},
  publisher={Wiley Online Library}
}


@article{thompson2017communal,
  title={A communal catalogue reveals Earthâ€™s multiscale microbial diversity},
  author={Thompson, Luke R and Sanders, Jon G and McDonald, Daniel and Amir, Amnon and Ladau, Joshua and Locey, Kenneth J and Prill, Robert J and Tripathi, Anupriya and Gibbons, Sean M and Ackermann, Gail and others},
  journal={Nature},
  volume={551},
  number={7681},
  pages={457--463},
  year={2017},
  publisher={Nature Publishing Group}
}

@article{marsland2020minimal,
  title={A minimal model for microbial biodiversity can reproduce experimentally observed ecological patterns},
  author={Marsland, Robert and Cui, Wenping and Mehta, Pankaj},
  journal={Scientific reports},
  volume={10},
  number={1},
  pages={1--17},
  year={2020},
  publisher={Nature Publishing Group}
}
